% Applications

@article{sentimentReview,
  title={Techniques and applications for sentiment analysis},
  author={Feldman, Ronen},
  journal={Communications of the ACM},
  volume={56},
  number={4},
  pages={82--89},
  year={2013},
  publisher={ACM New York, NY, USA}
}

@inproceedings{virtualAssistants,
  title={Survey on virtual assistant: Google assistant, siri, cortana, alexa},
  author={Tulshan, Amrita S and Dhage, Sudhir Namdeorao},
  booktitle={International symposium on signal processing and intelligent recognition systems},
  pages={190--201},
  year={2018},
  organization={Springer}
}

@article{mediaBias,
  title={Automated identification of media bias in news articles: an interdisciplinary literature review},
  author={Hamborg, Felix and Donnay, Karsten and Gipp, Bela},
  journal={International Journal on Digital Libraries},
  volume={20},
  number={4},
  pages={391--415},
  year={2019},
  publisher={Springer}
}

@article{twitterEmergencies,
  title={Twitter as a lifeline: Human-annotated twitter corpora for NLP of crisis-related messages},
  author={Imran, Muhammad and Mitra, Prasenjit and Castillo, Carlos},
  journal={arXiv preprint arXiv:1605.05894},
  year={2016}
}

@inproceedings{abadi2016tensorflow,
  title={Tensorflow: A system for large-scale machine learning},
  author={Abadi, Martin and Barham, Paul and Chen, Jianmin and Chen, Zhifeng and Davis, Andy and Dean, Jeffrey and Devin, Matthieu and Ghemawat, Sanjay and Irving, Geoffrey and Isard, Michael and others},
  booktitle={12th $\{$USENIX$\}$ symposium on operating systems design and implementation ($\{$OSDI$\}$ 16)},
  pages={265--283},
  year={2016}
}

@article{paszke2019pytorch,
  title={Pytorch: An imperative style, high-performance deep learning library},
  author={Paszke, Adam and Gross, Sam and Massa, Francisco and Lerer, Adam and Bradbury, James and Chanan, Gregory and Killeen, Trevor and Lin, Zeming and Gimelshein, Natalia and Antiga, Luca and others},
  journal={arXiv preprint arXiv:1912.01703},
  year={2019}
}



@article{kneser2001tutor,
  title={The tutor’s role: An investigation of the power of exchange structure analysis to identify different roles in CMC seminars},
  author={Kneser, Cornelia and Pilkington, Rachel and Treasure-Jones, Tamsin and others},
  journal={International Journal of Artificial Intelligence in Education},
  volume={12},
  number={63-84},
  year={2001}
}


% Comparison of different word embeddings for topic segmentation
@article{naili2017comparative,
  title={Comparative study of word embedding methods in topic segmentation},
  author={Naili, Marwa and Chaibi, Anja Habacha and Ghezala, Henda Hajjami Ben},
  journal={Procedia computer science},
  volume={112},
  pages={340--349},
  year={2017},
  publisher={Elsevier}
}

%TOPIC LEVEL STRUCTURE

    %word embeddings
    
    @ARTICLE{GoogleEncoder,
       author = {{Cer}, Daniel and {Yang}, Yinfei and {Kong}, Sheng-yi and {Hua}, Nan and {Limtiaco}, Nicole and {St. John}, Rhomni and {Constant}, Noah and {Guajardo-Cespedes}, Mario and {Yuan}, Steve and {Tar}, Chris and {Sung}, Yun-Hsuan and {Strope}, Brian and {Kurzweil}, Ray},
        title = "{Universal Sentence Encoder}",
      journal = {arXiv e-prints},
     keywords = {Computer Science - Computation and Language},
         year = 2018,
        month = mar,
          eid = {arXiv:1803.11175},
        pages = {arXiv:1803.11175},
archivePrefix = {arXiv},
       eprint = {1803.11175},
 primaryClass = {cs.CL},
       adsurl = {https://ui.adsabs.harvard.edu/abs/2018arXiv180311175C},
      adsnote = {Provided by the SAO/NASA Astrophysics Data System}
}
@InProceedings{infersent,
  author    = {Conneau, Alexis  and  Kiela, Douwe  and  Schwenk, Holger  and  Barrault, Lo\"{i}c  and  Bordes, Antoine},
  title     = {Supervised Learning of Universal Sentence Representations from Natural Language Inference Data},
  booktitle = {Proceedings of the 2017 Conference on Empirical Methods in Natural Language Processing},
  month     = {9},
  year      = {2017},
  address   = {Copenhagen, Denmark},
  publisher = {Association for Computational Linguistics},
  pages     = {670--680},
  url       = {https://www.aclweb.org/anthology/D17-1070}
}
@article{searle1965speech,
  title={What is a speech act},
  author={Searle, John R},
  journal={Perspectives in the philosophy of language: a concise anthology},
  volume={2000},
  pages={253--268},
  year={1965},
  publisher={Broadview Press Calgary}
}

@inproceedings{flairNLP,
  title={Contextual String Embeddings for Sequence Labeling},
  author={Akbik, Alan and Blythe, Duncan and Vollgraf, Roland},
  booktitle = {{COLING} 2018, 27th International Conference on Computational Linguistics},
  pages     = {1638--1649},
  year      = {2018}
}

    
    %graphic
    @article{embeddingGraphic,
        title={Word Embedding: Basics},
        author={Gautam, Hariom},
        year={2020},
        journal={medium},
        howpublished = {\url{http://web.archive.org/web/20080207010024/http://www.808multimedia.com/winnt/kernel.htm}}
    }
    
        %word2vec
        @inproceedings{word2vec,
          title={Distributed representations of words and phrases and their compositionality},
          author={Mikolov, Tomas and Sutskever, Ilya and Chen, Kai and Corrado, Greg S and Dean, Jeff},
          booktitle={Advances in neural information processing systems},
          pages={3111--3119},
          year={2013}
        }
        
        %GloVe
        @inproceedings{glove,
          title={Glove: Global vectors for word representation},
          author={Pennington, Jeffrey and Socher, Richard and Manning, Christopher D},
          booktitle={Proceedings of the 2014 conference on empirical methods in natural language processing (EMNLP)},
          pages={1532--1543},
          year={2014}
        }
        
        %ConceptNet
        @article{conceptnet,
          title={ConceptNet—a practical commonsense reasoning tool-kit},
          author={Liu, Hugo and Singh, Push},
          journal={BT technology journal},
          volume={22},
          number={4},
          pages={211--226},
          year={2004},
          publisher={Springer}
        }
        @inproceedings{speer2017conceptnet,
          title={Conceptnet 5.5: An open multilingual graph of general knowledge},
          author={Speer, Robyn and Chin, Joshua and Havasi, Catherine},
          booktitle={Proceedings of the AAAI Conference on Artificial Intelligence},
          volume={31},
          number={1},
          year={2017}
        }
        @article{conceptnetPerformance,
          title={Conceptnet at semeval-2017 task 2: Extending word embeddings with multilingual relational knowledge},
          author={Speer, Robyn and Lowry-Duda, Joanna},
          journal={arXiv preprint arXiv:1704.03560},
          year={2017}
        }
        
        @article{devlin2018bert,
          title={Bert: Pre-training of deep bidirectional transformers for language understanding},
          author={Devlin, Jacob and Chang, Ming-Wei and Lee, Kenton and Toutanova, Kristina},
          journal={arXiv preprint arXiv:1810.04805},
          year={2018}
        }
        @article{peters2018elmo,
          title={Deep contextualized word representations},
          author={Peters, Matthew E and Neumann, Mark and Iyyer, Mohit and Gardner, Matt and Clark, Christopher and Lee, Kenton and Zettlemoyer, Luke},
          journal={arXiv preprint arXiv:1802.05365},
          year={2018}
        }
    
    %sentence embeddings
    @article{arora2016simple,
      title={A simple but tough-to-beat baseline for sentence embeddings},
      author={Arora, Sanjeev and Liang, Yingyu and Ma, Tengyu},
      year={2016}
    }
    
    %Lexical Chain Method
    @inproceedings{galley2003discourse,
      title={Discourse segmentation of multi-party conversation},
      author={Galley, Michel and McKeown, Kathleen and Fosler-Lussier, Eric and Jing, Hongyan},
      booktitle={Proceedings of the 41st Annual Meeting of the Association for Computational Linguistics},
      pages={562--569},
      year={2003}
    }
    
    @inproceedings{hsueh2006automatic,
      title={Automatic segmentation of multiparty dialogue},
      author={Hsueh, Pei-Yun and Moore, Johanna D and Renals, Steve},
      booktitle={11th Conference of the European Chapter of the Association for Computational Linguistics},
      year={2006}
    }
    
    %Graph Based Method
    @phdthesis{malioutov2006minimum,
      title={Minimum cut model for spoken lecture segmentation},
      author={Malioutov, Igor Igor Mikhailovich},
      year={2006},
      school={Massachusetts Institute of Technology}
    }
    
    %Evaluation
    @article{pevzner2002critique,
      title={A critique and improvement of an evaluation metric for text segmentation},
      author={Pevzner, Lev and Hearst, Marti A},
      journal={Computational Linguistics},
      volume={28},
      number={1},
      pages={19--36},
      year={2002},
      publisher={MIT Press}
    }    
    

%LDA
@article{blei2003latent,
  title={Latent dirichlet allocation},
  author={Blei, David M and Ng, Andrew Y and Jordan, Michael I},
  journal={Journal of machine Learning research},
  volume={3},
  number={Jan},
  pages={993--1022},
  year={2003}
}
@article{griffiths2004finding,
  title={Finding scientific topics},
  author={Griffiths, Thomas L and Steyvers, Mark},
  journal={Proceedings of the National academy of Sciences},
  volume={101},
  number={suppl 1},
  pages={5228--5235},
  year={2004},
  publisher={National Acad Sciences}
}
@inproceedings{wang2011collaborative,
  title={Collaborative topic modeling for recommending scientific articles},
  author={Wang, Chong and Blei, David M},
  booktitle={Proceedings of the 17th ACM SIGKDD international conference on Knowledge discovery and data mining},
  pages={448--456},
  year={2011}
}

@inproceedings{tang2014understanding,
  title={Understanding the limiting factors of topic modeling via posterior contraction analysis},
  author={Tang, Jian and Meng, Zhaoshi and Nguyen, Xuanlong and Mei, Qiaozhu and Zhang, Ming},
  booktitle={International Conference on Machine Learning},
  pages={190--198},
  year={2014},
  organization={PMLR}
}

@misc{tensorflow2015-whitepaper,
title={ {TensorFlow}: Large-Scale Machine Learning on Heterogeneous Systems},
url={https://www.tensorflow.org/},
note={Software available from tensorflow.org},
author={
    Martin~Abadi and
    Ashish~Agarwal and
    Paul~Barham and
    Eugene~Brevdo and
    Zhifeng~Chen and
    Craig~Citro and
    Greg~S.~Corrado and
    Andy~Davis and
    Jeffrey~Dean and
    Matthieu~Devin and
    Sanjay~Ghemawat and
    Ian~Goodfellow and
    Andrew~Harp and
    Geoffrey~Irving and
    Michael~Isard and
    Yangqing Jia and
    Rafal~Jozefowicz and
    Lukasz~Kaiser and
    Manjunath~Kudlur and
    Josh~Levenberg and
    Dandelion~Man\'{e} and
    Rajat~Monga and
    Sherry~Moore and
    Derek~Murray and
    Chris~Olah and
    Mike~Schuster and
    Jonathon~Shlens and
    Benoit~Steiner and
    Ilya~Sutskever and
    Kunal~Talwar and
    Paul~Tucker and
    Vincent~Vanhoucke and
    Vijay~Vasudevan and
    Fernanda~Vi\'{e}gas and
    Oriol~Vinyals and
    Pete~Warden and
    Martin~Wattenberg and
    Martin~Wicke and
    Yuan~Yu and
    Xiaoqiang~Zheng},
  year={2015},
}

%keras
@misc{chollet2015keras,
  title={Keras},
  author={Chollet, Fran\c{c}ois and others},
  year={2015},
  howpublished={\url{https://keras.io}},
}

@article{newman2006probabilistic,
  title={Probabilistic topic decomposition of an eighteenth-century American newspaper},
  author={Newman, David J and Block, Sharon},
  journal={Journal of the American Society for Information Science and Technology},
  volume={57},
  number={6},
  pages={753--767},
  year={2006},
  publisher={Wiley Online Library}
}

@inproceedings{eisenstein2008bayesian,
  title={Bayesian unsupervised topic segmentation},
  author={Eisenstein, Jacob and Barzilay, Regina},
  booktitle={Proceedings of the 2008 Conference on Empirical Methods in Natural Language Processing},
  pages={334--343},
  year={2008}
}

@inproceedings{simon2013leveraging,
  title={Leveraging lexical cohesion and disruption for topic segmentation},
  author={Simon, Anca-Roxana and Gravier, Guillaume and S{\'e}billot, Pascale},
  booktitle={International Conference on Empirical Methods in Natural Language Processing, EMNLP 2013},
  pages={1314--1324},
  year={2013}
}

@article{joty2013topic,
  title={Topic segmentation and labeling in asynchronous conversations},
  author={Joty, Shafiq and Carenini, Giuseppe and Ng, Raymond T},
  journal={Journal of Artificial Intelligence Research},
  volume={47},
  pages={521--573},
  year={2013}
}

@inproceedings{purver2006unsupervised,
  title={Unsupervised topic modelling for multi-party spoken discourse},
  author={Purver, Matthew and K{\"o}rding, Konrad P and Griffiths, Thomas L and Tenenbaum, Joshua B},
  booktitle={Proceedings of the 21st International Conference on Computational Linguistics and 44th Annual Meeting of the Association for Computational Linguistics},
  pages={17--24},
  year={2006}
}
@inproceedings{nguyen2012sits,
  title={SITS: A hierarchical nonparametric model using speaker identity for topic segmentation in multiparty conversations},
  author={Nguyen, Viet-An and Boyd-Graber, Jordan and Resnik, Philip},
  booktitle={Proceedings of the 50th Annual Meeting of the Association for Computational Linguistics (Volume 1: Long Papers)},
  pages={78--87},
  year={2012}
}


%ADJACENCY PAIRS

%Similar work


% Rhetorical Structure Theory

@article{mann1988rhetorical,
  title={Rhetorical structure theory: Toward a functional theory of text organization},
  author={Mann, William C and Thompson, Sandra A},
  journal={Text},
  volume={8},
  number={3},
  pages={243--281},
  year={1988},
  publisher={Berlin}
}

%Markov Processes
@book{gagniuc2017markov,
  title={Markov chains: from theory to implementation and experimentation},
  author={Gagniuc, Paul A},
  year={2017},
  publisher={John Wiley \& Sons}
}

%HMM Labelling
@article{stolcke2000dialogue,
  title={Dialogue act modeling for automatic tagging and recognition of conversational speech},
  author={Stolcke, Andreas and Ries, Klaus and Coccaro, Noah and Shriberg, Elizabeth and Bates, Rebecca and Jurafsky, Daniel and Taylor, Paul and Martin, Rachel and Ess-Dykema, Carol Van and Meteer, Marie},
  journal={Computational linguistics},
  volume={26},
  number={3},
  pages={339--373},
  year={2000},
  publisher={MIT Press}
}

@inproceedings{ries1999hmm,
  title={HMM and neural network based speech act detection},
  author={Ries, Klaus},
  booktitle={1999 IEEE International Conference on Acoustics, Speech, and Signal Processing. Proceedings. ICASSP99 (Cat. No. 99CH36258)},
  volume={1},
  pages={497--500},
  year={1999},
  organization={IEEE}
}

%CRF Labelling
@book{klinger2007classical,
  title={Classical probabilistic models and conditional random fields},
  author={Klinger, Roman and Tomanek, Katrin},
  year={2007},
  publisher={Citeseer}
}

@inproceedings{kim2010hidden,
  title={Hidden conditional ordinal random fields for sequence classification},
  author={Kim, Minyoung and Pavlovic, Vladimir},
  booktitle={Joint European Conference on Machine Learning and Knowledge Discovery in Databases},
  pages={51--65},
  year={2010},
  organization={Springer}
}

@inproceedings{tavafi2013dialogue,
  title={Dialogue act recognition in synchronous and asynchronous conversations},
  author={Tavafi, Maryam and Mehdad, Yashar and Joty, Shafiq and Carenini, Giuseppe and Ng, Raymond},
  booktitle={Proceedings of the SIGDIAL 2013 Conference},
  pages={117--121},
  year={2013}
}
% ANN labelling
@article{lee2016sequential,
  title={Sequential short-text classification with recurrent and convolutional neural networks},
  author={Lee, Ji Young and Dernoncourt, Franck},
  journal={arXiv preprint arXiv:1603.03827},
  year={2016}
}
%DA MODELS:
% ANN CRF
@article{kumar2017dialogue,
  title={Dialogue act sequence labeling using hierarchical encoder with crf},
  author={Kumar, Harshit and Agarwal, Arvind and Dasgupta, Riddhiman and Joshi, Sachindra and Kumar, Arun},
  journal={arXiv preprint arXiv:1709.04250},
  year={2017}
}

@inproceedings{ravi2018self,
  title={Self-governing neural networks for on-device short text classification},
  author={Ravi, Sujith and Kozareva, Zornitsa},
  booktitle={Proceedings of the 2018 Conference on Empirical Methods in Natural Language Processing},
  pages={887--893},
  year={2018}
}

@article{raheja2019dialogue,
  title={Dialogue act classification with context-aware self-attention},
  author={Raheja, Vipul and Tetreault, Joel},
  journal={arXiv preprint arXiv:1904.02594},
  year={2019}
}

@article{li2018dual,
  title={A dual-attention hierarchical recurrent neural network for dialogue act classification},
  author={Li, Ruizhe and Lin, Chenghua and Collinson, Matthew and Li, Xiao and Chen, Guanyi},
  journal={arXiv preprint arXiv:1810.09154},
  year={2018}
}

@inproceedings{wan2018improved,
  title={Improved dynamic memory network for dialogue act classification with adversarial training},
  author={Wan, Yao and Yan, Wenqiang and Gao, Jianwei and Zhao, Zhou and Wu, Jian and Philip, S Yu},
  booktitle={2018 IEEE International Conference on Big Data (Big Data)},
  pages={841--850},
  year={2018},
  organization={IEEE}
}

@inproceedings{chen2018dialogue,
  title={Dialogue act recognition via crf-attentive structured network},
  author={Chen, Zheqian and Yang, Rongqin and Zhao, Zhou and Cai, Deng and He, Xiaofei},
  booktitle={The 41st international acm sigir conference on research \& development in information retrieval},
  pages={225--234},
  year={2018}
}

@article{bothe2018context,
  title={A context-based approach for dialogue act recognition using simple recurrent neural networks},
  author={Bothe, Chandrakant and Weber, Cornelius and Magg, Sven and Wermter, Stefan},
  journal={arXiv preprint arXiv:1805.06280},
  year={2018}
}

%LSTM Original paper
@article{hochreiter1997long,
  title={Long short-term memory},
  author={Hochreiter, Sepp and Schmidhuber, J{\"u}rgen},
  journal={Neural computation},
  volume={9},
  number={8},
  pages={1735--1780},
  year={1997},
  publisher={MIT Press}
}

%Gru Original paper
@article{chung2014empirical,
  title={Empirical evaluation of gated recurrent neural networks on sequence modeling},
  author={Chung, Junyoung and Gulcehre, Caglar and Cho, KyungHyun and Bengio, Yoshua},
  journal={arXiv preprint arXiv:1412.3555},
  year={2014}
}

@article{originalCRF,
  title={Conditional random fields: Probabilistic models for segmenting and labeling sequence data},
  author={Lafferty, John and McCallum, Andrew and Pereira, Fernando CN},
  year={2001}
}

@article{schuster1997bidirectional,
  title={Bidirectional recurrent neural networks},
  author={Schuster, Mike and Paliwal, Kuldip K},
  journal={IEEE transactions on Signal Processing},
  volume={45},
  number={11},
  pages={2673--2681},
  year={1997},
  publisher={Ieee}
}

@article{pcaPaper,
  title={Principal component analysis},
  author={Wold, Svante and Esbensen, Kim and Geladi, Paul},
  journal={Chemometrics and intelligent laboratory systems},
  volume={2},
  number={1-3},
  pages={37--52},
  year={1987},
  publisher={Elsevier}
}

% LSTM eval
@ARTICLE{huang2015bidirectional,
       author = {{Huang}, Zhiheng and {Xu}, Wei and {Yu}, Kai},
        title = "{Bidirectional LSTM-CRF Models for Sequence Tagging}",
      journal = {arXiv e-prints},
     keywords = {Computer Science - Computation and Language},
         year = 2015,
        month = aug,
          eid = {arXiv:1508.01991},
        pages = {arXiv:1508.01991},
archivePrefix = {arXiv},
       eprint = {1508.01991},
 primaryClass = {cs.CL},
       adsurl = {https://ui.adsabs.harvard.edu/abs/2015arXiv150801991H},
      adsnote = {Provided by the SAO/NASA Astrophysics Data System}
}




%Data
%meetings
@techreport{shriberg2004icsi,
  title={The ICSI meeting recorder dialog act (MRDA) corpus},
  author={Shriberg, Elizabeth and Dhillon, Raj and Bhagat, Sonali and Ang, Jeremy and Carvey, Hannah},
  year={2004},
  institution={INTERNATIONAL COMPUTER SCIENCE INST BERKELEY CA}
}

%Switchboard
@inproceedings{fang2012annotation,
  title={The annotation of the Switchboard corpus with the new ISO standard for dialogue act analysis},
  author={Fang, A and Cao, Jing and Bunt, Harry and Liu, Xiaoyue},
  booktitle={Workshop on Interoperable Semantic Annotation},
  pages={13},
  year={2012}
}
@inproceedings {swda,
author = {E. Holliman and J. Godfrey and J. McDaniel},
booktitle = {Acoustics, Speech, and Signal Processing, IEEE International Conference on},
title = {SWITCHBOARD: telephone speech corpus for research and development},
year = {1992},
volume = {1},
issn = {},
pages = {517-520},
keywords = {},
doi = {10.1109/ICASSP.1992.225858},
url = {https://doi.ieeecomputersociety.org/10.1109/ICASSP.1992.225858},
publisher = {IEEE Computer Society},
address = {Los Alamitos, CA, USA},
month = {3}
}

%Adjacency pair application
@article{ap_interview,
  title={Question/answer adjacency pairs in a performance appraisal interview},
  author={Adams, Katherine L},
  year={1981},
  publisher={Taylor \& Francis}
}

@article{movieDialogue,
  title={Prototypical characteristics of blockbuster movie dialogue: A corpus stylistic analysis},
  author={McIntyre, Dan},
  journal={Texas Studies in Literature and Language},
  volume={54},
  number={3},
  pages={402--425},
  year={2012},
  publisher={University of Texas Press}
}

@article{daApplications,
  title={Dialogue act modeling for automatic tagging and recognition of conversational speech},
  author={Stolcke, Andreas and Ries, Klaus and Coccaro, Noah and Shriberg, Elizabeth and Bates, Rebecca and Jurafsky, Daniel and Taylor, Paul and Martin, Rachel and Ess-Dykema, Carol Van and Meteer, Marie},
  journal={Computational linguistics},
  volume={26},
  number={3},
  pages={339--373},
  year={2000},
  publisher={MIT Press}
}

@inproceedings{ap_psychological,
  title={Multimodal prediction of psychological disorders: Learning verbal and nonverbal commonalities in adjacency pairs},
  author={Yu, Zhou and Scherer, Stefen and Devault, David and Gratch, Jonathan and Stratou, Giota and Morency, Louis-Philippe and Cassell, Justine},
  booktitle={Semdial 2013 DialDam: Proceedings of the 17th Workshop on the Semantics and Pragmatics of Dialogue},
  pages={160--169},
  year={2013}
}
@article{ap_trump,
  title={The Adjacency Pairs Patterns of Trumps’ Victory Interview in ‘60 Minutes’},
  author={Bintana, Khomsa and Rukmini, Dwi and Sofwan, Ahmad},
  journal={English Education Journal},
  volume={8},
  number={1},
  pages={18--26},
  year={2018}
}

%DA model summary github:
@misc{DAgithub,
  author = {Ruder, Sebastian},
  title = {NLP-progress},
  year = {2021},
  publisher = {GitHub},
  journal = {GitHub repository},
  howpublished = {\url{https:/github.com/sebastianruder/NLP-progress/blob/master/english/dialogue.md}}
}

@incollection{queryClassification,
  title={Classifying web queries by topic and user intent},
  author={Jansen, Bernard J and Booth, Danielle},
  booktitle={CHI'10 Extended Abstracts on Human Factors in Computing Systems},
  pages={4285--4290},
  year={2010}
}

@book{mlTextbook,
  title={Deep learning},
  author={Goodfellow, Ian and Bengio, Yoshua and Courville, Aaron and Bengio, Yoshua},
  volume={1},
  number={2},
  year={2016},
  publisher={MIT press Cambridge}
}

@inproceedings{productReviews,
  title={Feature specific sentiment analysis for product reviews},
  author={Mukherjee, Subhabrata and Bhattacharyya, Pushpak},
  booktitle={International Conference on Intelligent Text Processing and Computational Linguistics},
  pages={475--487},
  year={2012},
  organization={Springer}
}

@article{mooresLaw,
  title={Establishing Moore's law},
  author={Mollick, Ethan},
  journal={IEEE Annals of the History of Computing},
  volume={28},
  number={3},
  pages={62--75},
  year={2006},
  publisher={IEEE}
}


%Spotify Podcast
@inproceedings{clifton-2020100000,

    title = "100,000 Podcasts: A Spoken {E}nglish Document Corpus",

    author = "Clifton, Ann  and

      Reddy, Sravana  and

      Yu, Yongze  and

      Pappu, Aasish  and

      Rezapour, Rezvaneh  and

      Bonab, Hamed  and

      Eskevich, Maria  and

      Jones, Gareth  and

      Karlgren, Jussi  and

      Carterette, Ben  and

      Jones, Rosie",

    booktitle = "Proceedings of the 28th International Conference on Computational Linguistics",

    month = dec,

    year = "2020",

    address = "Barcelona, Spain (Online)",

    publisher = "International Committee on Computational Linguistics",

    url = "https://www.aclweb.org/ anthology/2020.coling-main.519 ",

    pages = "5903--5917",

    abstract = "Podcasts are a large and growing repository of spoken audio. As an audio format, podcasts are more varied in style and production type than broadcast news, contain more genres than typically studied in video data, and are more varied in style and format than previous corpora of conversations. When transcribed with automatic speech recognition they represent a noisy but fascinating collection of documents which can be studied through the lens of natural language processing, information retrieval, and linguistics. Paired with the audio files, they are also a resource for speech processing and the study of paralinguistic, sociolinguistic, and acoustic aspects of the domain. We introduce the Spotify Podcast Dataset, a new corpus of 100,000 podcasts. We demonstrate the complexity of the domain with a case study of two tasks: (1) passage search and (2) summarization. This is orders of magnitude larger than previous speech corpora used for search and summarization. Our results show that the size and variability of this corpus opens up new avenues for research.",

}

%EDU Analysis

%Discourse Parser
@article{joty2015codra,
  title={Codra: A novel discriminative framework for rhetorical analysis},
  author={Joty, Shafiq and Carenini, Giuseppe and Ng, Raymond T},
  journal={Computational Linguistics},
  volume={41},
  number={3},
  pages={385--435},
  year={2015},
  publisher={MIT Press}
}



%Evaluation
%Accuracy F
@inproceedings{chinchor1993muc,
  title={MUC-5 evaluation metrics},
  author={Chinchor, Nancy and Sundheim, Beth M},
  booktitle={Fifth Message Understanding Conference (MUC-5): Proceedings of a Conference Held in Baltimore, Maryland, August 25-27, 1993},
  year={1993}
}

@article{moldovan2011automated,
  title={Automated Speech Act Classification For Online Chat.},
  author={Moldovan, Cristian and Rus, Vasile and Graesser, Arthur C},
  journal={MAICS},
  volume={710},
  pages={23--29},
  year={2011}
}

@inproceedings{mehri2017chat,
  title={Chat disentanglement: Identifying semantic reply relationships with random forests and recurrent neural networks},
  author={Mehri, Shikib and Carenini, Giuseppe},
  booktitle={Proceedings of the Eighth International Joint Conference on Natural Language Processing (Volume 1: Long Papers)},
  pages={615--623},
  year={2017}
}

% GPT3

@ARTICLE{gpt3,
       author = {{Brown}, Tom B. and {Mann}, Benjamin and {Ryder}, Nick and {Subbiah}, Melanie and {Kaplan}, Jared and {Dhariwal}, Prafulla and {Neelakantan}, Arvind and {Shyam}, Pranav and {Sastry}, Girish and {Askell}, Amanda and {Agarwal}, Sandhini and {Herbert-Voss}, Ariel and {Krueger}, Gretchen and {Henighan}, Tom and {Child}, Rewon and {Ramesh}, Aditya and {Ziegler}, Daniel M. and {Wu}, Jeffrey and {Winter}, Clemens and {Hesse}, Christopher and {Chen}, Mark and {Sigler}, Eric and {Litwin}, Mateusz and {Gray}, Scott and {Chess}, Benjamin and {Clark}, Jack and {Berner}, Christopher and {McCandlish}, Sam and {Radford}, Alec and {Sutskever}, Ilya and {Amodei}, Dario},
        title = "{Language Models are Few-Shot Learners}",
      journal = {arXiv e-prints},
     keywords = {Computer Science - Computation and Language},
         year = 2020,
        month = may,
          eid = {arXiv:2005.14165},
        pages = {arXiv:2005.14165},
archivePrefix = {arXiv},
       eprint = {2005.14165},
 primaryClass = {cs.CL},
       adsurl = {https://ui.adsabs.harvard.edu/abs/2020arXiv200514165B},
      adsnote = {Provided by the SAO/NASA Astrophysics Data System}
}

% textbooks

@book{herlihy2012art,
  title={The Art of Multiprocessor Programming, revised first edition},
  author={Herlihy, Maurice and Shavit, Nir},
  year={2012},
  publisher={Morgan Kaufmann}
}

%youtube Chapters
@misc{YoutubeChapters,
  title = {Add chapters to a progress bar},
  howpublished = {\url{https://support.google.com/youtube/answer/9884579?hl=en-GB}},
  note = {Accessed: 05-02-2021}
}

%Lex Fridman
@misc{LexFridmanYoutube,
  title = {Lex Fridman Youtube Channel},
  howpublished = {\url{https://www.youtube.com/c/lexfridman/videos}},
  note = {Accessed: 05-02-2021}
}

%Text classification
@incollection{surverTextClassification,
  title={A survey of text classification algorithms},
  author={Aggarwal, Charu C and Zhai, ChengXiang},
  booktitle={Mining text data},
  pages={163--222},
  year={2012},
  publisher={Springer}
}

@inproceedings{hasan2014automatic,
  title={Automatic keyphrase extraction: A survey of the state of the art},
  author={Hasan, Kazi Saidul and Ng, Vincent},
  booktitle={Proceedings of the 52nd Annual Meeting of the Association for Computational Linguistics (Volume 1: Long Papers)},
  pages={1262--1273},
  year={2014}
}

@inproceedings{bougouin-etal-2013-topicrank,
    title = "{T}opic{R}ank: Graph-Based Topic Ranking for Keyphrase Extraction",
    author = "Bougouin, Adrien  and
      Boudin, Florian  and
      Daille, B{\'e}atrice",
    booktitle = "Proceedings of the Sixth International Joint Conference on Natural Language Processing",
    month = oct,
    year = "2013",
    address = "Nagoya, Japan",
    publisher = "Asian Federation of Natural Language Processing",
    url = "https://www.aclweb.org/anthology/I13-1062",
    pages = "543--551",
}

@article{scikit-learn,
 title={Scikit-learn: Machine Learning in {P}ython},
 author={Pedregosa, F. and Varoquaux, G. and Gramfort, A. and Michel, V.
         and Thirion, B. and Grisel, O. and Blondel, M. and Prettenhofer, P.
         and Weiss, R. and Dubourg, V. and Vanderplas, J. and Passos, A. and
         Cournapeau, D. and Brucher, M. and Perrot, M. and Duchesnay, E.},
 journal={Journal of Machine Learning Research},
 volume={12},
 pages={2825--2830},
 year={2011}
}